% Encoding: UTF-8

@InProceedings{Hausner2001,
  author    = {Hausner, Alejo},
  title     = {Simulating Decorative Mosaics},
  booktitle = {Proceedings of the 28th Annual Conference on Computer Graphics and Interactive Techniques},
  year      = {2001},
  series    = {SIGGRAPH '01},
  pages     = {573--580},
  address   = {New York, NY, USA},
  publisher = {ACM},
  acmid     = {383327},
  doi       = {10.1145/383259.383327},
  isbn      = {1-58113-374-X},
  numpages  = {8},
  url       = {http://doi.acm.org/10.1145/383259.383327},
}

@InProceedings{Kim2002,
  author    = {Kim, Junhwan and Pellacini, Fabio},
  title     = {Jigsaw Image Mosaics},
  booktitle = {Proceedings of the 29th Annual Conference on Computer Graphics and Interactive Techniques},
  year      = {2002},
  series    = {SIGGRAPH '02},
  pages     = {657--664},
  address   = {New York, NY, USA},
  publisher = {ACM},
  acmid     = {566633},
  doi       = {10.1145/566570.566633},
  isbn      = {1-58113-521-1},
  keywords  = {morphing, mosaics, optimization},
  location  = {San Antonio, Texas},
  numpages  = {8},
  url       = {http://doi.acm.org/10.1145/566570.566633},
}

@InProceedings{Palacios2007,
  author    = {Palacios, Jonathan and Zhang, Eugene},
  title     = {Rotational Symmetry Field Design on Surfaces},
  booktitle = {ACM SIGGRAPH 2007 Papers},
  year      = {2007},
  series    = {SIGGRAPH '07},
  address   = {New York, NY, USA},
  publisher = {ACM},
  acmid     = {1276446},
  articleno = {55},
  doi       = {10.1145/1275808.1276446},
  keywords  = {field analysis, field design, non-photorealistic rendering, remeshing, rotational symmetry, surfaces, topology},
  location  = {San Diego, California},
  url       = {http://doi.acm.org/10.1145/1275808.1276446},
}

@InProceedings{Kaplan2000,
  author    = {Kaplan, Craig S. and Salesin, David H.},
  title     = {Escherization},
  booktitle = {Proceedings of the 27th Annual Conference on Computer Graphics and Interactive Techniques},
  year      = {2000},
  series    = {SIGGRAPH '00},
  pages     = {499--510},
  address   = {New York, NY, USA},
  publisher = {ACM Press/Addison-Wesley Publishing Co.},
  acmid     = {345022},
  doi       = {10.1145/344779.345022},
  isbn      = {1-58113-208-5},
  keywords  = {Escher, morphing, optimization, simulated annealing, tesselations, tilings},
  numpages  = {12},
  url       = {http://dx.doi.org/10.1145/344779.345022},
}

@InProceedings{Maharik2011,
  author    = {Maharik, Ron and Bessmeltsev, Mikhail and Sheffer, Alla and Shamir, Ariel and Carr, Nathan},
  title     = {Digital Micrography},
  booktitle = {ACM SIGGRAPH 2011 Papers},
  year      = {2011},
  series    = {SIGGRAPH '11},
  pages     = {100:1--100:12},
  address   = {New York, NY, USA},
  publisher = {ACM},
  acmid     = {1964995},
  articleno = {100},
  doi       = {10.1145/1964921.1964995},
  isbn      = {978-1-4503-0943-1},
  keywords  = {calligraphy, digital typography, micrography},
  location  = {Vancouver, British Columbia, Canada},
  numpages  = {12},
  url       = {http://doi.acm.org/10.1145/1964921.1964995},
}

@InProceedings{Xu2007,
  author    = {Xu, Jie and Kaplan, Craig S.},
  title     = {Calligraphic Packing},
  booktitle = {Proceedings of Graphics Interface 2007},
  year      = {2007},
  series    = {GI '07},
  pages     = {43--50},
  address   = {New York, NY, USA},
  publisher = {ACM},
  acmid     = {1268527},
  doi       = {10.1145/1268517.1268527},
  isbn      = {978-1-56881-337-0},
  keywords  = {calligraphy, mosaics, non-photorealistic rendering, packing, tilings},
  location  = {Montreal, Canada},
  numpages  = {8},
  url       = {http://doi.acm.org/10.1145/1268517.1268527},
}

@Article{Chen2016,
  author     = {Chen, Weikai and Zhang, Xiaolong and Xin, Shiqing and Xia, Yang and Lefebvre, Sylvain and Wang, Wenping},
  title      = {Synthesis of Filigrees for Digital Fabrication},
  journal    = {ACM Trans. Graph.},
  year       = {2016},
  volume     = {35},
  number     = {4},
  pages      = {98:1--98:13},
  month      = jul,
  acmid      = {2925911},
  address    = {New York, NY, USA},
  articleno  = {98},
  doi        = {10.1145/2897824.2925911},
  issn       = {0730-0301},
  issue_date = {July 2016},
  keywords   = {digital fabrication, filigree synthesis, hausdorff distance, medial axis},
  numpages   = {13},
  publisher  = {ACM},
  url        = {http://doi.acm.org/10.1145/2897824.2925911},
}

@Article{Zehnder2016,
  author     = {Zehnder, Jonas and Coros, Stelian and Thomaszewski, Bernhard},
  title      = {Designing Structurally-sound Ornamental Curve Networks},
  journal    = {ACM Trans. Graph.},
  year       = {2016},
  volume     = {35},
  number     = {4},
  pages      = {99:1--99:10},
  month      = jul,
  acmid      = {2925888},
  address    = {New York, NY, USA},
  articleno  = {99},
  doi        = {10.1145/2897824.2925888},
  issn       = {0730-0301},
  issue_date = {July 2016},
  keywords   = {3D printing, computational design, curve networks},
  numpages   = {10},
  publisher  = {ACM},
  url        = {http://doi.acm.org/10.1145/2897824.2925888},
}

@Article{Zou2016,
  author     = {Zou, Changqing and Cao, Junjie and Ranaweera, Warunika and Alhashim, Ibraheem and Tan, Ping and Sheffer, Alla and Zhang, Hao},
  title      = {Legible Compact Calligrams},
  journal    = {ACM Trans. Graph.},
  year       = {2016},
  volume     = {35},
  number     = {4},
  pages      = {122:1--122:12},
  month      = jul,
  acmid      = {2925887},
  address    = {New York, NY, USA},
  articleno  = {122},
  doi        = {10.1145/2897824.2925887},
  issn       = {0730-0301},
  issue_date = {July 2016},
  keywords   = {calligram, legibility, shape deformation},
  numpages   = {12},
  publisher  = {ACM},
  url        = {http://doi.acm.org/10.1145/2897824.2925887},
}

@InProceedings{Gal2007B,
  author    = {Gal, Ran and Sorkine, Olga and Popa, Tiberiu and Sheffer, Alla and Cohen-Or, Daniel},
  title     = {{3D} Collage: Expressive Non-realistic Modeling},
  booktitle = {Proceedings of the 5th International Symposium on Non-photorealistic Animation and Rendering},
  year      = {2007},
  series    = {NPAR '07},
  pages     = {7--14},
  address   = {New York, NY, USA},
  publisher = {ACM},
  acmid     = {1274873},
  doi       = {10.1145/1274871.1274873},
  isbn      = {978-1-59593-624-0},
  keywords  = {computeraided art, expressive imagery, new media, non-realistic modeling},
  location  = {San Diego, California},
  numpages  = {8},
  url       = {http://doi.acm.org/10.1145/1274871.1274873},
}

@Article{Gal2007A,
  author     = {Gal, Ran and Shamir, Ariel and Cohen-Or, Daniel},
  title      = {Pose-Oblivious Shape Signature},
  journal    = {IEEE Transactions on Visualization and Computer Graphics},
  year       = {2007},
  volume     = {13},
  number     = {2},
  pages      = {261--271},
  month      = mar,
  acmid      = {1263266},
  address    = {Piscataway, NJ, USA},
  doi        = {10.1109/TVCG.2007.45},
  issn       = {1077-2626},
  issue_date = {March 2007},
  keywords   = {Shape-signature, Shape-signature, shape-matching, pose-oblivious., pose-oblivious., shape-matching},
  numpages   = {11},
  publisher  = {IEEE Educational Activities Department},
  url        = {http://dx.doi.org/10.1109/TVCG.2007.45},
}

@InProceedings{Chaudhuri2010,
  author    = {Chaudhuri, Siddhartha and Koltun, Vladlen},
  title     = {Data-driven Suggestions for Creativity Support in {3D} Modeling},
  booktitle = {ACM SIGGRAPH Asia 2010 Papers},
  year      = {2010},
  series    = {SIGGRAPH ASIA '10},
  pages     = {183:1--183:10},
  address   = {New York, NY, USA},
  publisher = {ACM},
  acmid     = {1866205},
  articleno = {183},
  doi       = {10.1145/1866158.1866205},
  isbn      = {978-1-4503-0439-9},
  keywords  = {creativity support, data-driven 3D modeling, interaction, shape analysis},
  location  = {Seoul, South Korea},
  numpages  = {10},
  url       = {http://doi.acm.org/10.1145/1866158.1866205},
}

@InProceedings{Huang2011,
  author    = {Huang, Hua and Zhang, Lei and Zhang, Hong-Chao},
  title     = {{Arcimboldo}-like Collage Using Internet Images},
  booktitle = {Proceedings of the 2011 SIGGRAPH Asia Conference},
  year      = {2011},
  series    = {SA '11},
  pages     = {155:1--155:8},
  address   = {New York, NY, USA},
  publisher = {ACM},
  acmid     = {2024189},
  articleno = {155},
  doi       = {10.1145/2024156.2024189},
  isbn      = {978-1-4503-0807-6},
  keywords  = {Arcimboldo collage, internet image, layer ordering, segmentation},
  location  = {Hong Kong, China},
  numpages  = {8},
  url       = {http://doi.acm.org/10.1145/2024156.2024189},
}

@InProceedings{Jobard1997,
  pages     = {43--55},
  title     = {Creating Evenly-Spaced Streamlines of Arbitrary Density},
  publisher = {Springer Vienna},
  year      = {1997},
  author    = {Jobard, Bruno and Lefer, Wilfrid},
  editor    = {Lefer, Wilfrid and Grave, Michel},
  address   = {Vienna},
  booktitle = {Visualization in Scientific Computing '97: Proceedings of the Eurographics Workshop in Boulogne-sur-Mer France, April 28--30, 1997},
  doi       = {10.1007/978-3-7091-6876-9_5},
  isbn      = {978-3-7091-6876-9},
  url       = {http://dx.doi.org/10.1007/978-3-7091-6876-9_5},
}

@InProceedings{Wong1998,
  author    = {Wong, Michael T. and Zongker, Douglas E. and Salesin, David H.},
  title     = {Computer-generated Floral Ornament},
  booktitle = {Proceedings of the 25th Annual Conference on Computer Graphics and Interactive Techniques},
  year      = {1998},
  series    = {SIGGRAPH '98},
  pages     = {423--434},
  address   = {New York, NY, USA},
  publisher = {ACM},
  acmid     = {280948},
  doi       = {10.1145/280814.280948},
  isbn      = {0-89791-999-8},
  keywords  = {adaptive clip art, conventionalization, ornamentation, pattern generation, plant development, texture generation},
  numpages  = {12},
  url       = {http://doi.acm.org/10.1145/280814.280948},
}

@Article{Cromwell1993,
  author  = {Cromwell, Peter R.},
  title   = {Celtic knotwork: Mathematical art},
  journal = {The Mathematical Intelligencer},
  year    = {1993},
  volume  = {15},
  number  = {1},
  pages   = {36--47},
  doi     = {10.1007/BF03025256},
  issn    = {0343-6993},
  url     = {http://dx.doi.org/10.1007/BF03025256},
}

@Book{Hutcheson1729,
  title     = {An Inquiry Into the Original of Our Ideas of Beauty and Virtue},
  publisher = {J. and J. Knapton and others},
  year      = {1729},
  author    = {Hutcheson, F.},
  url       = {https://books.google.ca/books?id=dh0vlzDNNwEC},
}

@Book{Rosin2012,
  title     = {Image and Video-based Artistic Stylisation},
  publisher = {Springer Publishing Company, Incorporated},
  year      = {2012},
  editor    = {Rosin, Paul and Collomosse, John},
  isbn      = {1447145186, 9781447145189},
}

@Misc{IllustratorCC2017,
  author       = {Adobe},
  title        = {Illustrator {CC} 2017},
  howpublished = {\url{http://www.adobe.com/ca/products/illustrator.html/}},
  year         = {2016},
}

@Article{Osher1988,
  author     = {Osher, Stanley and Sethian, James A.},
  title      = {Fronts Propagating with Curvature-dependent Speed: Algorithms Based on Hamilton-Jacobi Formulations},
  journal    = {J. Comput. Phys.},
  year       = {1988},
  volume     = {79},
  number     = {1},
  pages      = {12--49},
  month      = nov,
  acmid      = {56815},
  address    = {San Diego, CA, USA},
  doi        = {10.1016/0021-9991(88)90002-2},
  issn       = {0021-9991},
  issue_date = {Nov. 1988},
  numpages   = {38},
  publisher  = {Academic Press Professional, Inc.},
  url        = {http://dx.doi.org/10.1016/0021-9991(88)90002-2},
}


@Article{Mould2015,
  author     = {Xu, Ling and Mould, David},
  title      = {Procedural Tree Modeling with Guiding Vectors},
  year       = {2015},
  volume     = {34},
  number     = {7},
  pages      = {47--56},
  address    = {Chichester, UK},
  month      = oct,
  publisher  = {The Eurographs Association \&\#38; John Wiley \&\#38; Sons, Ltd.},
  acmid      = {2851385},
  doi        = {10.1111/cgf.12744},
  issn       = {0167-7055},
  issue_date = {October 2015},
  journal    = {Comput. Graph. Forum},
  keywords   = {Categories and Subject Descriptors according to ACM CCS, I.6.5 [Computer Graphics]: Model Development-Modeling methodologies},
  numpages   = {10},
  url        = {http://dx.doi.org/10.1111/cgf.12744},
}

@InCollection{Schneider1990,
  author    = {Schneider, Philip J.},
  title   = {An Algorithm for Automatically Fitting Digitized Curves},
  booktitle = {Graphics Gems},
  publisher = {Academic Press Professional, Inc.},
  year      = {1990},
  editor    = {Glassner, Andrew S.},
  pages     = {612--626},
  address   = {San Diego, CA, USA},
  acmid     = {90941},
  isbn      = {0-12-286169-5},
  numpages  = {15},
  url       = {http://dl.acm.org/citation.cfm?id=90767.90941},
}

@Article{Lu2014,
  author     = {Lu, Jingwan and Barnes, Connelly and Wan, Connie and Asente, Paul and Me\v{c}h, Radom\'{\i}r and Finkelstein, Adam},
  title      = {{DecoBrush}: Drawing Structured Decorative Patterns by Example},
  journal    = {ACM Trans. Graph.},
  year       = {2014},
  volume     = {33},
  number     = {4},
  pages      = {90:1--90:9},
  month      = jul,
  acmid      = {2601190},
  address    = {New York, NY, USA},
  articleno  = {90},
  doi        = {10.1145/2601097.2601190},
  issn       = {0730-0301},
  issue_date = {July 2014},
  keywords   = {data-driven, decorative patterns, stroke, stylization},
  numpages   = {9},
  publisher  = {ACM},
  url        = {http://doi.acm.org/10.1145/2601097.2601190},
}

@Article{Guerrero2016,
 author = {Guerrero, Paul and Bernstein, Gilbert and Li, Wilmot and Mitra, Niloy J.},
 title = {{PATEX}: Exploring Pattern Variations},
 journal = {ACM Trans. Graph.},
 issue_date = {July 2016},
 volume = {35},
 number = {4},
 month = jul,
 year = {2016},
 issn = {0730-0301},
 pages = {48:1--48:13},
 articleno = {48},
 numpages = {13},
 url = {http://doi.acm.org/10.1145/2897824.2925950},
 doi = {10.1145/2897824.2925950},
 acmid = {2925950},
 publisher = {ACM},
 address = {New York, NY, USA},
 keywords = {arrangements, design space exploration, design tools, patterns, variations, vector graphics},
} 

@Misc{ClipperLib,
  author       = {Angus Johnson},
  title        = {{Clipper}---an open source freeware library for clipping and offsetting lines and polygons},
  howpublished = {\url{http://www.angusj.com/delphi/clipper.php}},
  year         = {2014},
}

@inproceedings{Hsu93,
 author = {Hsu, S. C. and Lee, I. H. H. and Wiseman, N. E.},
 title = {Skeletal Strokes},
 booktitle = {Proceedings of the 6th Annual ACM Symposium on User Interface Software and Technology},
 series = {UIST '93},
 year = {1993},
 isbn = {0-89791-628-X},
 location = {Atlanta, Georgia, USA},
 pages = {197--206},
 numpages = {10},
 url = {http://doi.acm.org/10.1145/168642.168662},
 doi = {10.1145/168642.168662},
 acmid = {168662},
 publisher = {ACM},
 address = {New York, NY, USA},
 keywords = {animation, digital typography, fractals, picture transformation, skeletal strokes, user interaction, virtual device interfaces},
} 

@article {Hiller2003,
journal = {Computer Graphics Forum},
title = {{Beyond Stippling - Methods for Distributing Objects on the Plane}},
author = {Hiller, Stefan and Hellwig, Heino and Deussen, Oliver},
year = {2003},
publisher = {Blackwell Publishers, Inc and the Eurographics Association},
ISSN = {1467-8659},
DOI = {10.1111/1467-8659.00699}
}

@inproceedings{Dalal2006,
 author = {Dalal, Ketan and Klein, Allison W. and Liu, Yunjun and Smith, Kaleigh},
 title = {A Spectral Approach to {NPR} Packing},
 booktitle = {Proceedings of the 4th International Symposium on Non-photorealistic Animation and Rendering},
 series = {NPAR '06},
 year = {2006},
 isbn = {1-59593-357-3},
 location = {Annecy, France},
 pages = {71--78},
 numpages = {8},
 url = {http://doi.acm.org/10.1145/1124728.1124741},
 doi = {10.1145/1124728.1124741},
 acmid = {1124741},
 publisher = {ACM},
 address = {New York, NY, USA},
 keywords = {Fourier analysis, animation, area voronoi diagram, centroidal voronoi diagram, mosaics, packing},
} 

@inproceedings{Hurtut2009,
 author = {Hurtut, T. and Landes, P.-E. and Thollot, J. and Gousseau, Y. and Drouillhet, R. and Coeurjolly, J.-F.},
 title = {Appearance-guided Synthesis of Element Arrangements by Example},
 booktitle = {Proceedings of the 7th International Symposium on Non-Photorealistic Animation and Rendering},
 series = {NPAR '09},
 year = {2009},
 isbn = {978-1-60558-604-5},
 location = {New Orleans, Louisiana},
 pages = {51--60},
 numpages = {10},
 url = {http://doi.acm.org/10.1145/1572614.1572623},
 doi = {10.1145/1572614.1572623},
 acmid = {1572623},
 publisher = {ACM},
 address = {New York, NY, USA},
 keywords = {NPR, by-example synthesis, vector texture synthesis},
} 

@inproceedings{AlMeraj2013,
 author = {AlMeraj, Zainab and Kaplan, Craig S. and Asente, Paul},
 title = {Patch-based Geometric Texture Synthesis},
 booktitle = {Proceedings of the Symposium on Computational Aesthetics},
 series = {CAE '13},
 year = {2013},
 isbn = {978-1-4503-2203-4},
 location = {Anaheim, California},
 pages = {15--19},
 numpages = {5},
 url = {http://doi.acm.org/10.1145/2487276.2487278},
 doi = {10.1145/2487276.2487278},
 acmid = {2487278},
 publisher = {ACM},
 address = {New York, NY, USA},
 keywords = {non-photorealistic rendering, texture synthesis, vector graphics},
} 

@article{Ijiri2008,
  title={An Example-based Procedural System for Element Arrangement},
  author={Takashi Ijiri and Radom{\'i}r Me\v{c}h and Takeo Igarashi and Gavin S. P. Miller},
  journal={Comput. Graph. Forum},
  year={2008},
  volume={27},
  pages={429-436}
}

@book{Gombrich,
	author = {Ernst Hans Gombrich},
	title = {The Sense of Order: A Study in the Psychology of Decorative
		Art},
	publisher = {Phaidon Press Limited},
	year = {1984}
}

@Article{Kwan2016,
  author     = {Kwan, Kin Chung and Sinn, Lok Tsun and Han, Chu and Wong, Tien-Tsin and Fu, Chi-Wing},
  title      = {Pyramid of Arclength Descriptor for Generating Collage of Shapes},
  journal    = {ACM Trans. Graph.},
  year       = {2016},
  volume     = {35},
  number     = {6},
  pages      = {229:1--229:12},
  month      = nov,
  acmid      = {2980234},
  address    = {New York, NY, USA},
  articleno  = {229},
  doi        = {10.1145/2980179.2980234},
  issn       = {0730-0301},
  issue_date = {November 2016},
  keywords   = {2D shapes, image collage, partial-shape matching, scale-invariant, shape descriptor, tiling},
  numpages   = {12},
  publisher  = {ACM},
  url        = {http://doi.acm.org/10.1145/2980179.2980234},
}

@Article{Reinert2013,
  author     = {Reinert, Bernhard and Ritschel, Tobias and Seidel, Hans-Peter},
  title      = {Interactive By-example Design of Artistic Packing Layouts},
  journal    = {ACM Trans. Graph.},
  year       = {2013},
  volume     = {32},
  number     = {6},
  pages      = {218:1--218:7},
  month      = nov,
  acmid      = {2508409},
  address    = {New York, NY, USA},
  articleno  = {218},
  doi        = {10.1145/2508363.2508409},
  issn       = {0730-0301},
  issue_date = {November 2013},
  keywords   = {distribution, layout inference, packing, user interface},
  numpages   = {7},
  publisher  = {ACM},
  url        = {http://doi.acm.org/10.1145/2508363.2508409},
}

@Article{Peng2014,
  author     = {Peng, Chi-Han and Yang, Yong-Liang and Wonka, Peter},
  title      = {Computing Layouts with Deformable Templates},
  journal    = {ACM Trans. Graph.},
  year       = {2014},
  volume     = {33},
  number     = {4},
  pages      = {99:1--99:11},
  month      = jul,
  acmid      = {2601164},
  address    = {New York, NY, USA},
  articleno  = {99},
  doi        = {10.1145/2601097.2601164},
  issn       = {0730-0301},
  issue_date = {July 2014},
  keywords   = {pattern synthesis, quadrilateral meshes, tiling},
  numpages   = {11},
  publisher  = {ACM},
  url        = {http://doi.acm.org/10.1145/2601097.2601164},
}

@Article{Benes2011,
  author    = {Bene\v{s}, B. and \v{S}t'ava, O. and M\v{e}ch, R. and Miller, G.},
  title     = {Guided Procedural Modeling},
  journal   = {Computer Graphics Forum},
  year      = {2011},
  volume    = {30},
  number    = {2},
  pages     = {325--334},
  doi       = {10.1111/j.1467-8659.2011.01886.x},
  issn      = {1467-8659},
  keywords  = {I.3.3 [Computer Graphics]: Picture/Image Generation, Viewing Algorithms},
  publisher = {Blackwell Publishing Ltd},
  url       = {http://dx.doi.org/10.1111/j.1467-8659.2011.01886.x},
}

@InProceedings{Chen2008,
  author    = {Chen, Guoning and Esch, Gregory and Wonka, Peter and M\"{u}ller, Pascal and Zhang, Eugene},
  title     = {Interactive Procedural Street Modeling},
  booktitle = {ACM SIGGRAPH 2008 Papers},
  year      = {2008},
  series    = {SIGGRAPH '08},
  pages     = {103:1--103:10},
  address   = {New York, NY, USA},
  publisher = {ACM},
  acmid     = {1360702},
  articleno = {103},
  doi       = {10.1145/1399504.1360702},
  isbn      = {978-1-4503-0112-1},
  keywords  = {procedural modeling, street modeling, street networks, tensor field design, tensor fields},
  location  = {Los Angeles, California},
  numpages  = {10},
  url       = {http://doi.acm.org/10.1145/1399504.1360702},
}

@InProceedings{Asente2010,
  author    = {Asente, Paul J.},
  title     = {{Folding Avoidance in Skeletal Strokes}},
  booktitle = {Eurographics Workshop on Sketch-Based Interfaces and Modeling},
  year      = {2010},
  editor    = {Marc Alexa and Ellen Yi-Luen Do},
  publisher = {The Eurographics Association},
  doi       = {10.2312/SBM/SBM10/033-040},
  isbn      = {978-3-905674-25-5},
  issn      = {1812-3503},
}

@Comment{jabref-meta: databaseType:bibtex;}
