% Bibliography of key references for "LaTeX for Thesis and Large Documents"
% For use with BibTeX

@InProceedings{Hausner2001,
  author    = {Hausner, Alejo},
  title     = {Simulating Decorative Mosaics},
  booktitle = {Proceedings of the 28th Annual Conference on Computer Graphics and Interactive Techniques},
  year      = {2001},
  series    = {SIGGRAPH '01},
  pages     = {573--580},
  address   = {New York, NY, USA},
  publisher = {ACM},
  acmid     = {383327},
  doi       = {10.1145/383259.383327},
  isbn      = {1-58113-374-X},
  numpages  = {8},
  url       = {http://doi.acm.org/10.1145/383259.383327},
}

@Book{Chiu2013,
  title     = {Stochastic Geometry and Its Applications},
  publisher = {Wiley},
  year      = {2013},
  author    = {Chiu, S.N. and Stoyan, D. and Kendall, W.S. and Mecke, J.},
  series    = {Wiley Series in Probability and Statistics},
  isbn      = {9781118658246},
  lccn      = {2013019904},
  url       = {https://books.google.ca/books?id=GCRI8Q-RUEkC},
}

@inproceedings{Abdrashitov2014,
 author = {Abdrashitov, Rinat and Guy, Emilie and Yao, JiaXian and Singh, Karan},
 title = {Mosaic: Sketch-based Interface for Creating Digital Decorative Mosaics},
 booktitle = {Proceedings of the 4th Joint Symposium on Computational Aesthetics, Non-Photorealistic Animation and Rendering, and Sketch-Based Interfaces and Modeling},
 series = {SBIM '14},
 year = {2014},
 isbn = {978-1-4503-3018-3},
 location = {Vancouver, British Columbia, Canada},
 pages = {5--10},
 numpages = {6},
 url = {http://doi.acm.org/10.1145/2630407.2630409},
 doi = {10.1145/2630407.2630409},
 acmid = {2630409},
 publisher = {ACM},
 address = {New York, NY, USA},
 keywords = {curves, decoration, mosaic, sketching},
} 

@inproceedings{Hsu1993,
 author = {Hsu, S. C. and Lee, I. H. H. and Wiseman, N. E.},
 title = {Skeletal Strokes},
 booktitle = {Proceedings of the 6th Annual ACM Symposium on User Interface Software and Technology},
 series = {UIST '93},
 year = {1993},
 isbn = {0-89791-628-X},
 location = {Atlanta, Georgia, USA},
 pages = {197--206},
 numpages = {10},
 url = {http://doi.acm.org/10.1145/168642.168662},
 doi = {10.1145/168642.168662},
 acmid = {168662},
 publisher = {ACM},
 address = {New York, NY, USA},
 keywords = {animation, digital typography, fractals, picture transformation, skeletal strokes, user interaction, virtual device interfaces},
} 

@inproceedings{Kaplan2004,
 author = {Kaplan, Craig S. and Salesin, David H.},
 title = {Dihedral Escherization},
 booktitle = {Proceedings of Graphics Interface 2004},
 series = {GI '04},
 year = {2004},
 isbn = {1-56881-227-2},
 location = {London, Ontario, Canada},
 pages = {255--262},
 numpages = {8},
 url = {http://dl.acm.org/citation.cfm?id=1006058.1006089},
 acmid = {1006089},
 publisher = {Canadian Human-Computer Communications Society},
 address = {School of Computer Science, University of Waterloo, Waterloo, Ontario, Canada},
 keywords = {Escher, Penrose tilings, aperiodic, tessellations, tilings},
} 

@inproceedings{Wyvill2012,
 author = {Wyvill, B. and Kry, P. G. and Seidel, R. and Mould, D.},
 title = {Determining an Aesthetic Inscribed Curve},
 booktitle = {Proceedings of the Eighth Annual Symposium on Computational Aesthetics in Graphics, Visualization, and Imaging},
 series = {CAe '12},
 year = {2012},
 isbn = {978-1-4503-1584-5},
 location = {Annecy, France},
 pages = {63--70},
 numpages = {8},
 url = {http://dl.acm.org/citation.cfm?id=2328888.2328899},
 acmid = {2328899},
 publisher = {Eurographics Association},
 address = {Goslar Germany, Germany},
} 

@article{Loi2017,
 author = {Loi, Hugo and Hurtut, Thomas and Vergne, Romain and Thollot, Joelle},
 title = {Programmable 2D Arrangements for Element Texture Design},
 journal = {ACM Trans. Graph.},
 issue_date = {July 2017},
 volume = {36},
 number = {4},
 month = may,
 year = {2017},
 issn = {0730-0301},
 articleno = {105a},
 url = {http://doi.acm.org/10.1145/3072959.2983617},
 doi = {10.1145/3072959.2983617},
 acmid = {2983617},
 publisher = {ACM},
 address = {New York, NY, USA},
 keywords = {Programmable approach, element texture, spatial arrangement, texture design, texture synthesis},
} 


@InProceedings{Kim2002,
  author    = {Kim, Junhwan and Pellacini, Fabio},
  title     = {Jigsaw Image Mosaics},
  booktitle = {Proceedings of the 29th Annual Conference on Computer Graphics and Interactive Techniques},
  year      = {2002},
  series    = {SIGGRAPH '02},
  pages     = {657--664},
  address   = {New York, NY, USA},
  publisher = {ACM},
  acmid     = {566633},
  doi       = {10.1145/566570.566633},
  isbn      = {1-58113-521-1},
  keywords  = {morphing, mosaics, optimization},
  location  = {San Antonio, Texas},
  numpages  = {8},
  url       = {http://doi.acm.org/10.1145/566570.566633},
}

@InProceedings{Kaplan2000,
  author    = {Kaplan, Craig S. and Salesin, David H.},
  title     = {Escherization},
  booktitle = {Proceedings of the 27th Annual Conference on Computer Graphics and Interactive Techniques},
  year      = {2000},
  series    = {SIGGRAPH '00},
  pages     = {499--510},
  address   = {New York, NY, USA},
  publisher = {ACM Press/Addison-Wesley Publishing Co.},
  acmid     = {345022},
  doi       = {10.1145/344779.345022},
  isbn      = {1-58113-208-5},
  keywords  = {Escher, morphing, optimization, simulated annealing, tesselations, tilings},
  numpages  = {12},
  url       = {http://dx.doi.org/10.1145/344779.345022},
}

@InProceedings{Maharik2011,
  author    = {Maharik, Ron and Bessmeltsev, Mikhail and Sheffer, Alla and Shamir, Ariel and Carr, Nathan},
  title     = {Digital Micrography},
  booktitle = {ACM SIGGRAPH 2011 Papers},
  year      = {2011},
  series    = {SIGGRAPH '11},
  pages     = {100:1--100:12},
  address   = {New York, NY, USA},
  publisher = {ACM},
  acmid     = {1964995},
  articleno = {100},
  doi       = {10.1145/1964921.1964995},
  isbn      = {978-1-4503-0943-1},
  keywords  = {calligraphy, digital typography, micrography},
  location  = {Vancouver, British Columbia, Canada},
  numpages  = {12},
  url       = {http://doi.acm.org/10.1145/1964921.1964995},
}

@InProceedings{Xu2007,
  author    = {Xu, Jie and Kaplan, Craig S.},
  title     = {Calligraphic Packing},
  booktitle = {Proceedings of Graphics Interface 2007},
  year      = {2007},
  series    = {GI '07},
  pages     = {43--50},
  address   = {New York, NY, USA},
  publisher = {ACM},
  acmid     = {1268527},
  doi       = {10.1145/1268517.1268527},
  isbn      = {978-1-56881-337-0},
  keywords  = {calligraphy, mosaics, non-photorealistic rendering, packing, tilings},
  location  = {Montreal, Canada},
  numpages  = {8},
  url       = {http://doi.acm.org/10.1145/1268517.1268527},
}

@Article{Chen2016,
  author     = {Chen, Weikai and Zhang, Xiaolong and Xin, Shiqing and Xia, Yang and Lefebvre, Sylvain and Wang, Wenping},
  title      = {Synthesis of Filigrees for Digital Fabrication},
  journal    = {ACM Trans. Graph.},
  year       = {2016},
  volume     = {35},
  number     = {4},
  pages      = {98:1--98:13},
  month      = jul,
  acmid      = {2925911},
  address    = {New York, NY, USA},
  articleno  = {98},
  doi        = {10.1145/2897824.2925911},
  issn       = {0730-0301},
  issue_date = {July 2016},
  keywords   = {digital fabrication, filigree synthesis, hausdorff distance, medial axis},
  numpages   = {13},
  publisher  = {ACM},
  url        = {http://doi.acm.org/10.1145/2897824.2925911},
}

@Article{Zehnder2016,
  author     = {Zehnder, Jonas and Coros, Stelian and Thomaszewski, Bernhard},
  title      = {Designing Structurally-sound Ornamental Curve Networks},
  journal    = {ACM Trans. Graph.},
  year       = {2016},
  volume     = {35},
  number     = {4},
  pages      = {99:1--99:10},
  month      = jul,
  acmid      = {2925888},
  address    = {New York, NY, USA},
  articleno  = {99},
  doi        = {10.1145/2897824.2925888},
  issn       = {0730-0301},
  issue_date = {July 2016},
  keywords   = {3D printing, computational design, curve networks},
  numpages   = {10},
  publisher  = {ACM},
  url        = {http://doi.acm.org/10.1145/2897824.2925888},
}

@Article{Zou2016,
  author     = {Zou, Changqing and Cao, Junjie and Ranaweera, Warunika and Alhashim, Ibraheem and Tan, Ping and Sheffer, Alla and Zhang, Hao},
  title      = {Legible Compact Calligrams},
  journal    = {ACM Trans. Graph.},
  year       = {2016},
  volume     = {35},
  number     = {4},
  pages      = {122:1--122:12},
  month      = jul,
  acmid      = {2925887},
  address    = {New York, NY, USA},
  articleno  = {122},
  doi        = {10.1145/2897824.2925887},
  issn       = {0730-0301},
  issue_date = {July 2016},
  keywords   = {calligram, legibility, shape deformation},
  numpages   = {12},
  publisher  = {ACM},
  url        = {http://doi.acm.org/10.1145/2897824.2925887},
}

@InProceedings{Gal2007B,
  author    = {Gal, Ran and Sorkine, Olga and Popa, Tiberiu and Sheffer, Alla and Cohen-Or, Daniel},
  title     = {{3D} Collage: Expressive Non-realistic Modeling},
  booktitle = {Proceedings of the 5th International Symposium on Non-photorealistic Animation and Rendering},
  year      = {2007},
  series    = {NPAR '07},
  pages     = {7--14},
  address   = {New York, NY, USA},
  publisher = {ACM},
  acmid     = {1274873},
  doi       = {10.1145/1274871.1274873},
  isbn      = {978-1-59593-624-0},
  keywords  = {computeraided art, expressive imagery, new media, non-realistic modeling},
  location  = {San Diego, California},
  numpages  = {8},
  url       = {http://doi.acm.org/10.1145/1274871.1274873},
}

@InProceedings{Huang2011,
  author    = {Huang, Hua and Zhang, Lei and Zhang, Hong-Chao},
  title     = {{Arcimboldo}-like Collage Using Internet Images},
  booktitle = {Proceedings of the 2011 SIGGRAPH Asia Conference},
  year      = {2011},
  series    = {SA '11},
  pages     = {155:1--155:8},
  address   = {New York, NY, USA},
  publisher = {ACM},
  acmid     = {2024189},
  articleno = {155},
  doi       = {10.1145/2024156.2024189},
  isbn      = {978-1-4503-0807-6},
  keywords  = {Arcimboldo collage, internet image, layer ordering, segmentation},
  location  = {Hong Kong, China},
  numpages  = {8},
  url       = {http://doi.acm.org/10.1145/2024156.2024189},
}

@InProceedings{Wong1998,
  author    = {Wong, Michael T. and Zongker, Douglas E. and Salesin, David H.},
  title     = {Computer-generated Floral Ornament},
  booktitle = {Proceedings of the 25th Annual Conference on Computer Graphics and Interactive Techniques},
  year      = {1998},
  series    = {SIGGRAPH '98},
  pages     = {423--434},
  address   = {New York, NY, USA},
  publisher = {ACM},
  acmid     = {280948},
  doi       = {10.1145/280814.280948},
  isbn      = {0-89791-999-8},
  keywords  = {adaptive clip art, conventionalization, ornamentation, pattern generation, plant development, texture generation},
  numpages  = {12},
  url       = {http://doi.acm.org/10.1145/280814.280948},
}

@Book{Hutcheson1729,
  title     = {An Inquiry Into the Original of Our Ideas of Beauty and Virtue},
  publisher = {J. and J. Knapton and others},
  year      = {1729},
  author    = {Hutcheson, F.},
  url       = {https://books.google.ca/books?id=dh0vlzDNNwEC},
}

@InProceedings{Barla2006,
  author       = "Barla, Pascal and Breslav, Simon and Thollot, Jo{\"e}lle and Sillion, Fran\c{c}ois and Markosian, Lee",
  title        = "Stroke Pattern Analysis and Synthesis",
  booktitle    = "Computer Graphics Forum (Proc. of Eurographics 2006)",
  volume       = "25",
  year         = "2006",
  url          = "http://maverick.inria.fr/Publications/2006/BBTSM06"
}


@Article{Lu2014,
  author     = {Lu, Jingwan and Barnes, Connelly and Wan, Connie and Asente, Paul and Me\v{c}h, Radom\'{\i}r and Finkelstein, Adam},
  title      = {{DecoBrush}: Drawing Structured Decorative Patterns by Example},
  journal    = {ACM Trans. Graph.},
  year       = {2014},
  volume     = {33},
  number     = {4},
  pages      = {90:1--90:9},
  month      = jul,
  acmid      = {2601190},
  address    = {New York, NY, USA},
  articleno  = {90},
  doi        = {10.1145/2601097.2601190},
  issn       = {0730-0301},
  issue_date = {July 2014},
  keywords   = {data-driven, decorative patterns, stroke, stylization},
  numpages   = {9},
  publisher  = {ACM},
  url        = {http://doi.acm.org/10.1145/2601097.2601190},
}

@Article{Guerrero2016,
 author = {Guerrero, Paul and Bernstein, Gilbert and Li, Wilmot and Mitra, Niloy J.},
 title = {{PATEX}: Exploring Pattern Variations},
 journal = {ACM Trans. Graph.},
 issue_date = {July 2016},
 volume = {35},
 number = {4},
 month = jul,
 year = {2016},
 issn = {0730-0301},
 pages = {48:1--48:13},
 articleno = {48},
 numpages = {13},
 url = {http://doi.acm.org/10.1145/2897824.2925950},
 doi = {10.1145/2897824.2925950},
 acmid = {2925950},
 publisher = {ACM},
 address = {New York, NY, USA},
 keywords = {arrangements, design space exploration, design tools, patterns, variations, vector graphics},
} 

@article {Hiller2003,
journal = {Computer Graphics Forum},
title = {{Beyond Stippling - Methods for Distributing Objects on the Plane}},
author = {Hiller, Stefan and Hellwig, Heino and Deussen, Oliver},
year = {2003},
publisher = {Blackwell Publishers, Inc and the Eurographics Association},
ISSN = {1467-8659},
DOI = {10.1111/1467-8659.00699}
}

@inproceedings{Dalal2006,
 author = {Dalal, Ketan and Klein, Allison W. and Liu, Yunjun and Smith, Kaleigh},
 title = {A Spectral Approach to {NPR} Packing},
 booktitle = {Proceedings of the 4th International Symposium on Non-photorealistic Animation and Rendering},
 series = {NPAR '06},
 year = {2006},
 isbn = {1-59593-357-3},
 location = {Annecy, France},
 pages = {71--78},
 numpages = {8},
 url = {http://doi.acm.org/10.1145/1124728.1124741},
 doi = {10.1145/1124728.1124741},
 acmid = {1124741},
 publisher = {ACM},
 address = {New York, NY, USA},
 keywords = {Fourier analysis, animation, area voronoi diagram, centroidal voronoi diagram, mosaics, packing},
} 


@inproceedings{Hurtut2009,
 author = {Hurtut, T. and Landes, P.-E. and Thollot, J. and Gousseau, Y. and Drouillhet, R. and Coeurjolly, J.-F.},
 title = {Appearance-guided Synthesis of Element Arrangements by Example},
 booktitle = {Proceedings of the 7th International Symposium on Non-Photorealistic Animation and Rendering},
 series = {NPAR '09},
 year = {2009},
 isbn = {978-1-60558-604-5},
 location = {New Orleans, Louisiana},
 pages = {51--60},
 numpages = {10},
 url = {http://doi.acm.org/10.1145/1572614.1572623},
 doi = {10.1145/1572614.1572623},
 acmid = {1572623},
 publisher = {ACM},
 address = {New York, NY, USA},
 keywords = {NPR, by-example synthesis, vector texture synthesis},
} 

@inproceedings{AlMeraj2013,
 author = {AlMeraj, Zainab and Kaplan, Craig S. and Asente, Paul},
 title = {Patch-based Geometric Texture Synthesis},
 booktitle = {Proceedings of the Symposium on Computational Aesthetics},
 series = {CAE '13},
 year = {2013},
 isbn = {978-1-4503-2203-4},
 location = {Anaheim, California},
 pages = {15--19},
 numpages = {5},
 url = {http://doi.acm.org/10.1145/2487276.2487278},
 doi = {10.1145/2487276.2487278},
 acmid = {2487278},
 publisher = {ACM},
 address = {New York, NY, USA},
 keywords = {non-photorealistic rendering, texture synthesis, vector graphics},
} 

@article{Ijiri2008,
  title={An Example-based Procedural System for Element Arrangement},
  author={Takashi Ijiri and Radom{\'i}r Me\v{c}h and Takeo Igarashi and Gavin S. P. Miller},
  journal={Comput. Graph. Forum},
  year={2008},
  volume={27},
  pages={429-436}
}

@book{Gombrich,
	author = {Ernst Hans Gombrich},
	title = {The Sense of Order: A Study in the Psychology of Decorative
		Art},
	publisher = {Phaidon Press Limited},
	year = {1984}
}

@Article{Kwan2016,
  author     = {Kwan, Kin Chung and Sinn, Lok Tsun and Han, Chu and Wong, Tien-Tsin and Fu, Chi-Wing},
  title      = {Pyramid of Arclength Descriptor for Generating Collage of Shapes},
  journal    = {ACM Trans. Graph.},
  year       = {2016},
  volume     = {35},
  number     = {6},
  pages      = {229:1--229:12},
  month      = nov,
  acmid      = {2980234},
  address    = {New York, NY, USA},
  articleno  = {229},
  doi        = {10.1145/2980179.2980234},
  issn       = {0730-0301},
  issue_date = {November 2016},
  keywords   = {2D shapes, image collage, partial-shape matching, scale-invariant, shape descriptor, tiling},
  numpages   = {12},
  publisher  = {ACM},
  url        = {http://doi.acm.org/10.1145/2980179.2980234},
}

@article{Bouaziz2014,
 author = {Bouaziz, Sofien and Martin, Sebastian and Liu, Tiantian and Kavan, Ladislav and Pauly, Mark},
 title = {Projective Dynamics: Fusing Constraint Projections for Fast Simulation},
 journal = {ACM Trans. Graph.},
 issue_date = {July 2014},
 volume = {33},
 number = {4},
 month = jul,
 year = {2014},
 issn = {0730-0301},
 pages = {154:1--154:11},
 articleno = {154},
 numpages = {11},
 url = {http://doi.acm.org/10.1145/2601097.2601116},
 doi = {10.1145/2601097.2601116},
 acmid = {2601116},
 publisher = {ACM},
 address = {New York, NY, USA},
 keywords = {continuum mechanics, implicit Euler method, physics-based animation, position based dynamics},
}

@article{Muller2007,
 author = {M\"{u}ller, Matthias and Heidelberger, Bruno and Hennix, Marcus and Ratcliff, John},
 title = {Position Based Dynamics},
 journal = {J. Vis. Comun. Image Represent.},
 issue_date = {April, 2007},
 volume = {18},
 number = {2},
 month = apr,
 year = {2007},
 issn = {1047-3203},
 pages = {109--118},
 numpages = {10},
 url = {http://dx.doi.org/10.1016/j.jvcir.2007.01.005},
 doi = {10.1016/j.jvcir.2007.01.005},
 acmid = {1234575},
 publisher = {Academic Press, Inc.},
 address = {Orlando, FL, USA},
 keywords = {Cloth simulation, Game physics, Integration schemes, Physically based simulation},
} 

@article{Chen2017,
   author = {Chen, Weikai and Ma, Yuexin and Lefebvre, Sylvain and Xin, Shiqing and Mart\'{\i}nez, Jon\`{a}s and wang, wenping},
   title = {Fabricable Tile Decors},
   journal = {ACM Trans. Graph.},
   issue_date = {November 2017},
   volume = {36},
   number = {6},
   month = nov,
   year = {2017},
   issn = {0730-0301},
   pages = {175:1--175:15},
   articleno = {175},
   numpages = {15},
   url = {http://doi.acm.org/10.1145/3130800.3130817},
   doi = {10.1145/3130800.3130817},
   acmid = {3130817},
   publisher = {ACM},
   address = {New York, NY, USA},
   keywords = {fabrication, foldable, packing, tiles},
  } 

@inproceedings{Smith2005,
 author = {Smith, Kaleigh and Liu, Yunjun and Klein, Allison},
 title = {Animosaics},
 booktitle = {Proceedings of the 2005 ACM SIGGRAPH/Eurographics Symposium on Computer Animation},
 series = {SCA '05},
 year = {2005},
 isbn = {1-59593-198-8},
 location = {Los Angeles, California},
 pages = {201--208},
 numpages = {8},
 url = {http://doi.acm.org/10.1145/1073368.1073397},
 doi = {10.1145/1073368.1073397},
 acmid = {1073397},
 publisher = {ACM},
 address = {New York, NY, USA},
} 

@misc{Asente2020,
  title={Computerized Generation of Ornamental Designs by Placing Instances of Simple Shapes in Accordance With a Direction Guide},
  author={Asente, Paul and Kaplan, Craig and M\v{e}ch, Radom\'{\i}r and Saputra, Reza Adhitya},
  year={2020},
  month=feb # "~11",
  publisher={Google Patents},
  note={US Patent 10,559,061}
}

@inproceedings{Saputra2017,
 author = {Saputra, Reza Adhitya and Kaplan, Craig S. and Asente, Paul and M\v{e}ch, Radom\'{\i}r},
 title = {{FLOWPAK}: Flow-based Ornamental Element Packing},
 booktitle = {Proceedings of the 43rd Graphics Interface Conference},
 series = {GI '17},
 year = {2017},
 isbn = {978-0-9947868-2-1},
 location = {Edmonton, Alberta, Canada},
 pages = {8--15},
 numpages = {8},
 url = {https://doi.org/10.20380/GI2017.02},
 doi = {10.20380/GI2017.02},
 acmid = {3141479},
 publisher = {Canadian Human-Computer Communications Society},
} 

@inproceedings{Saputra2018,
 author = {Saputra, Reza Adhitya and Kaplan, Craig S. and Asente, Paul},
 title = {{RepulsionPak}: Deformation-Driven Element Packing with Repulsion Forces},
 booktitle = {Proceedings of the 44th Graphics Interface Conference},
 series = {GI '18},
 year = {2018},
 location = {Toronto, Ontario, Canada},
 numpages = {8},
 publisher = {Canadian Human-Computer Communications Society},
} 

@ARTICLE{Saputra2019,
author={Saputra, Reza Adhitya and Kaplan, Craig S. and Asente, Paul},
journal={IEEE Transactions on Visualization and Computer Graphics},
title={Improved Deformation-Driven Element Packing with {RepulsionPak}},
year={2019},
volume={},
number={},
pages={1--1},
keywords={Containers;Shape;Strain;Deformable models;Skin;Libraries;Aerospace electronics;Element Distribution;Mosaics;Negative Space;Packing;Physical Simulation;Shape Deformation},
doi={10.1109/TVCG.2019.2950235},
ISSN={2160-9306},
month={},}

@inproceedings{Saputra2020,
 author = {Saputra, Reza Adhitya and Kaplan, Craig S. and Asente, Paul},
 title = {{AnimationPak}: Packing Elements with Scripted Animations},
 booktitle = {Proceedings of the 46th Graphics Interface Conference},
 series = {GI '20},
 year = {2020},
 location = {Toronto, Ontario, Canada},
 numpages = {10},
 publisher = {Canadian Human-Computer Communications Society},
} 

@Book{Chiu2013,
  title     = {Stochastic Geometry and Its Applications},
  publisher = {Wiley},
  year      = {2013},
  author    = {Chiu, S.N. and Stoyan, D. and Kendall, W.S. and Mecke, J.},
  series    = {Wiley Series in Probability and Statistics},
  isbn      = {9781118658246},
  lccn      = {2013019904},
  url       = {https://books.google.ca/books?id=GCRI8Q-RUEkC},
}

@inproceedings{Schodl2000,
 author = {Sch\"{o}dl, Arno and Szeliski, Richard and Salesin, David H. and Essa, Irfan},
 title = {Video Textures},
 booktitle = {Proceedings of the 27th Annual Conference on Computer Graphics and Interactive Techniques},
 series = {SIGGRAPH '00},
 year = {2000},
 isbn = {1-58113-208-5},
 pages = {489--498},
 numpages = {10},
 url = {http://dx.doi.org/10.1145/344779.345012},
 doi = {10.1145/344779.345012},
 acmid = {345012},
 publisher = {ACM Press/Addison-Wesley Publishing Co.},
 address = {New York, NY, USA},
 keywords = {animation, image-based rendering, morphing, multimedia, natural phenomena, texture synthesis, video sprites, video-based animation, video-based rendering, view morphing},
} 

@inproceedings{Agarwala2005,
 author = {Agarwala, Aseem and Zheng, Ke Colin and Pal, Chris and Agrawala, Maneesh and Cohen, Michael and Curless, Brian and Salesin, David and Szeliski, Richard},
 title = {Panoramic Video Textures},
 booktitle = {ACM SIGGRAPH 2005 Papers},
 series = {SIGGRAPH '05},
 year = {2005},
 location = {Los Angeles, California},
 pages = {821--827},
 numpages = {7},
 url = {http://doi.acm.org/10.1145/1186822.1073268},
 doi = {10.1145/1186822.1073268},
 acmid = {1073268},
 publisher = {ACM},
 address = {New York, NY, USA},
 keywords = {panoramas, video textures, video-based rendering},
} 

@inproceedings{Gieseke2017,
 author = {Gieseke, Lena and Asente, Paul and Lu, Jingwan and Fuchs, Martin},
 title = {Organized Order in Ornamentation},
 booktitle = {Proceedings of the Symposium on Computational Aesthetics},
 series = {CAE '17},
 year = {2017},
 isbn = {978-1-4503-5080-8},
 location = {Los Angeles, California},
 pages = {4:1--4:9},
 articleno = {4},
 numpages = {9},
 url = {http://doi.acm.org/10.1145/3092912.3092913},
 doi = {10.1145/3092912.3092913},
 acmid = {3092913},
 publisher = {ACM},
 address = {New York, NY, USA},
 keywords = {interaction techniques, modeling interfaces, paint systems, procedural modeling},
} 

@article{Muller2015,
 author = {M\"{u}ller, Matthias and Chentanez, Nuttapong and Kim, Tae-Yong and Macklin, Miles},
 title = {Air Meshes for Robust Collision Handling},
 journal = {ACM Trans. Graph.},
 issue_date = {August 2015},
 volume = {34},
 number = {4},
 month = jul,
 year = {2015},
 issn = {0730-0301},
 pages = {133:1--133:9},
 articleno = {133},
 numpages = {9},
 url = {http://doi.acm.org/10.1145/2766907},
 doi = {10.1145/2766907},
 acmid = {2766907},
 publisher = {ACM},
 address = {New York, NY, USA},
 keywords = {collision detection, mesh optimization},
} 

@InProceedings{Asente2010,
  author    = {Asente, Paul J.},
  title     = {{Folding Avoidance in Skeletal Strokes}},
  booktitle = {Eurographics Workshop on Sketch-Based Interfaces and Modeling},
  year      = {2010},
  publisher = {The Eurographics Association},
  doi       = {10.2312/SBM/SBM10/033-040},
  isbn      = {978-3-905674-25-5},
  issn      = {1812-3503},
}

@article{Muller2015,
 author = {M\"{u}ller, Matthias and Chentanez, Nuttapong and Kim, Tae-Yong and Macklin, Miles},
 title = {Air Meshes for Robust Collision Handling},
 journal = {ACM Trans. Graph.},
 issue_date = {August 2015},
 volume = {34},
 number = {4},
 month = jul,
 year = {2015},
 issn = {0730-0301},
 pages = {133:1--133:9},
 articleno = {133},
 numpages = {9},
 url = {http://doi.acm.org/10.1145/2766907},
 doi = {10.1145/2766907},
 acmid = {2766907},
 publisher = {ACM},
 address = {New York, NY, USA},
 keywords = {collision detection, mesh optimization},
} 

@inproceedings{Hsu93,
 author = {Hsu, S. C. and Lee, I. H. H. and Wiseman, N. E.},
 title = {Skeletal Strokes},
 booktitle = {Proceedings of the 6th Annual ACM Symposium on User Interface Software and Technology},
 series = {UIST '93},
 year = {1993},
 isbn = {0-89791-628-X},
 location = {Atlanta, Georgia, USA},
 pages = {197--206},
 numpages = {10},
 url = {http://doi.acm.org/10.1145/168642.168662},
 doi = {10.1145/168642.168662},
 acmid = {168662},
 publisher = {ACM},
 address = {New York, NY, USA},
 keywords = {animation, digital typography, fractals, picture transformation, skeletal strokes, user interaction, virtual device interfaces},
} 

@Article{Gal2007A,
  author     = {Gal, Ran and Shamir, Ariel and Cohen-Or, Daniel},
  title      = {Pose-Oblivious Shape Signature},
  journal    = {IEEE Transactions on Visualization and Computer Graphics},
  year       = {2007},
  volume     = {13},
  number     = {2},
  pages      = {261--271},
  month      = mar,
  acmid      = {1263266},
  address    = {Piscataway, NJ, USA},
  doi        = {10.1109/TVCG.2007.45},
  issn       = {1077-2626},
  issue_date = {March 2007},
  keywords   = {Shape-signature, Shape-signature, shape-matching, pose-oblivious., pose-oblivious., shape-matching},
  numpages   = {11},
  publisher  = {IEEE Educational Activities Department},
  url        = {http://dx.doi.org/10.1109/TVCG.2007.45},
}

@InProceedings{Palacios2007,
  author    = {Palacios, Jonathan and Zhang, Eugene},
  title     = {Rotational Symmetry Field Design on Surfaces},
  booktitle = {ACM SIGGRAPH 2007 Papers},
  year      = {2007},
  series    = {SIGGRAPH '07},
  address   = {New York, NY, USA},
  publisher = {ACM},
  acmid     = {1276446},
  articleno = {55},
  doi       = {10.1145/1275808.1276446},
  keywords  = {field analysis, field design, non-photorealistic rendering, remeshing, rotational symmetry, surfaces, topology},
  location  = {San Diego, California},
  url       = {http://doi.acm.org/10.1145/1275808.1276446},
}

@InProceedings{Jobard1997,
  pages     = {43--55},
  title     = {Creating Evenly-Spaced Streamlines of Arbitrary Density},
  publisher = {Springer Vienna},
  year      = {1997},
  author    = {Jobard, Bruno and Lefer, Wilfrid},
  editor    = {Lefer, Wilfrid and Grave, Michel},
  address   = {Vienna},
  booktitle = {Visualization in Scientific Computing '97: Proceedings of the Eurographics Workshop in Boulogne-sur-Mer France, April 28--30, 1997},
  doi       = {10.1007/978-3-7091-6876-9_5},
  isbn      = {978-3-7091-6876-9},
  url       = {http://dx.doi.org/10.1007/978-3-7091-6876-9_5},
}

@Article{Osher1988,
  author     = {Osher, Stanley and Sethian, James A.},
  title      = {Fronts Propagating with Curvature-dependent Speed: Algorithms Based on Hamilton-Jacobi Formulations},
  journal    = {J. Comput. Phys.},
  year       = {1988},
  volume     = {79},
  number     = {1},
  pages      = {12--49},
  month      = nov,
  acmid      = {56815},
  address    = {San Diego, CA, USA},
  doi        = {10.1016/0021-9991(88)90002-2},
  issn       = {0021-9991},
  issue_date = {Nov. 1988},
  numpages   = {38},
  publisher  = {Academic Press Professional, Inc.},
  url        = {http://dx.doi.org/10.1016/0021-9991(88)90002-2},
}


@InCollection{Schneider1990,
  author    = {Schneider, Philip J.},
  title   = {An Algorithm for Automatically Fitting Digitized Curves},
  booktitle = {Graphics Gems},
  publisher = {Academic Press Professional, Inc.},
  year      = {1990},
  editor    = {Glassner, Andrew S.},
  pages     = {612--626},
  address   = {San Diego, CA, USA},
  acmid     = {90941},
  isbn      = {0-12-286169-5},
  numpages  = {15},
  url       = {http://dl.acm.org/citation.cfm?id=90767.90941},
}

@Article{Mould2015,
  author     = {Xu, Ling and Mould, David},
  title      = {Procedural Tree Modeling with Guiding Vectors},
  year       = {2015},
  volume     = {34},
  number     = {7},
  pages      = {47--56},
  address    = {Chichester, UK},
  month      = oct,
  publisher  = {The Eurographs Association \&\#38; John Wiley \&\#38; Sons, Ltd.},
  acmid      = {2851385},
  doi        = {10.1111/cgf.12744},
  issn       = {0167-7055},
  issue_date = {October 2015},
  journal    = {Comput. Graph. Forum},
  keywords   = {Categories and Subject Descriptors according to ACM CCS, I.6.5 [Computer Graphics]: Model Development-Modeling methodologies},
  numpages   = {10},
  url        = {http://dx.doi.org/10.1111/cgf.12744},
}

@Misc{ClipperLib,
  author       = {Angus Johnson},
  title        = {{Clipper}---an open source freeware library for clipping and offsetting lines and polygons},
  howpublished = {\url{http://www.angusj.com/delphi/clipper.php}},
  year         = {2014},
}


@article{Dalstein2015,
 author = {Dalstein, Boris and Ronfard, R\'emi and van de Panne, Michiel},
 title = {Vector Graphics Animation with Time-Varying Topology},
 journal = {ACM Trans. Graph.},
 volume = {34},
 number = {4},
 month = jul,
 year = {2015},
}

@incollection{Ericson2005,
title = "Chapter 5: {B}asic Primitive Tests",
editor = "Christer Ericson",
booktitle = "Real-Time Collision Detection",
publisher = "Morgan Kaufmann",
address = "San Francisco",
pages = "125--233",
year = "2005",
series = "The Morgan Kaufmann Series in Interactive 3D Technology",
isbn = "978-1-55860-732-3",
doi = "https://doi.org/10.1016/B978-1-55860-732-3.50010-3",
url = "http://www.sciencedirect.com/science/article/pii/B9781558607323500103",
author = "Christer Ericson"
}

